
@article{gdpr,
  author     = {{\relax The European Parliament and the Council of the European Union}},
  title      = {REGULATION (EU) 2016/679 OF THE EUROPEAN PARLIAMENT AND OF THE COUNCIL of 27 April 2016},
  titleaddon = {of 27 April 2016},
  titleaddon = {on the protection of natural persons with regard to the processing of personal data and on the free movement of such data, and repealing Directive 95/46/EC (General Data Protection Regulation)},
  year       = {2016},
  journal    = {Official Journal L119},
  pages      = {1}
}

@misc{NLP_bpm_data,
  author       = {{\relax Eduardo Breitembach}},
  title        = {Repo for NLP BPM Datasets},
  year         = {2024},
  publisher    = {GitHub},
  journal      = {GitHub repository},
  howpublished = {\url{https://github.com/EduardoBre/nlp-bpm-data}},
  commit       = {118099cfce904b45f24d10aa68096a64d5b3cbee}
}

@article{pattern_library,
  author  = {Tom De Smedt and Walter Daelemans},
  title   = {Pattern for Python},
  journal = {Journal of Machine Learning Research},
  year    = {2012},
  volume  = {13},
  number  = {66},
  pages   = {2063--2067},
  url     = {http://jmlr.org/papers/v13/desmedt12a.html}
}